@article{Woopen2013,
title = {A comparison of hybridized and Standard {DG} Methods for target-based
               $hp$-adaptive simulation of compressible Flow},
journal = {Computers and Fluids},
volume = {98},
pages = {3-16},
year = {2014},
author = {M. Woopen and A. Balan and G. May and J. Sch\"utz},
}


@article{Marcum2014,
title={Aligned Metric-based Anisotropic Solution Adaptive Mesh Generation},
journal={Procedia Engineering},
author={D. Marcum and F. Alauzet},
volume={82},
pages={428-444},
year={2014},
}

@article{Barter2009,
    author  = {G.E. Barter and D.L. Darmofal},
    title   = {Shock capturing with {PDE}-based artificial viscosity for {DGFEM}: {P}art 1. {F}ormulation},
    year    = {2010},
    journal = {Journal of Computational Physics},
    volume  = {229},
    pages   = {1810-1827}
}

@article{Bassi1996,
    author  = {F. Bassi and S. Rebay},
    title   = {A high-order accurate discontinuous finite element method for the numerical solution of the compressible {N}avier-{S}tokes equations},
    year    = {1996},
    journal = {Journal of Computational Physics},
    volume  = {131},
    pages   = {267-279},
}

@book
{ToroRiemann,
author = {E.F. Toro},
title = {Riemann Solvers and Numerical Methods for Fluid Dynamics : a Practical Introduction},
publisher = {Springer},
year = {1997}
}

@article{CockburnShu1997,
title = {The local discontinuous {G}alerkin finite element method for convection-diffusion systems},
journal = {SIAM Journal on Numerical Analysis},
volume = {35},
number = {6},
pages = {2440-2463},
year = {1998},
author = {B. Cockburn and C.W. Shu}
}

@article{Marcum2014,
title={Aligned Metric-based Anisotropic Solution Adaptive Mesh Generation},
journal={Procedia Engineering},
author={D. Marcum and F. Alauzet},
volume={82},
pages={428-444},
year={2014},
}

@article{Raman1994,
title = {Modelling and computational techniques for logic based integer programming},
journal = {Computers \& Chemical Engineering},
volume = {18},
number = {7},
pages = {563-578},
year = {1994},
author = {R. Raman and I.E. Grossmann},
}

@article{Wang2013,
title = {Forward and adjoint sensitivity computation of chaotic dynamical systems},
journal = {Journal of Computational Physics},
volume = {235},
number = {},
pages = {1-13},
year = {2013},
author = {Q. Wang}
}

@article{Woodward1984,
title = {The numerical simulation of two-dimensional fluid flow with strong shocks},
journal = {Journal of Computational Physics},
volume = {54},
number = {1},
pages = {115 - 173},
year = {1984},
author = {P. Woodward and P. Colella},
}

@article{Moura2016,
title = {Lyapunov exponents and adaptive mesh refinement for high-speed flows using a discontinuous Galerkin scheme},
journal = {Journal of Computational Physics},
volume = {319},
pages = {9-27},
year = {2016},
author = {R.C. Moura and A.F.C. Silva and E.D.V. Bigarella and A.L. Fazenda and M.A. Ortega},
}
@book{BookSpencer,
	Author = {G. E. Karniadakis and S. Sherwin},
	Date-Added = {2012-11-01 11:40:42 +0000},
	Date-Modified = {2012-11-01 11:42:17 +0000},
	Publisher = {Oxford Science Publications},
	Edition = {2},
	Title = {Spectral/$hp$ element methods for computational fluid dynamics},
	Year = {2005}
}

@article{Venditti2003,
title={Anisotropic grid adaptation for functional outputs: application to two-dimensional viscous flows},
journal={Journal of Computational Physics},
author={D.A. Vendetti and D.L. Darmofal},
volume={187},
pages={22-46},
year={2003},
}

@article{Xie2014,
title = {Metric tensors for the interpolation error and its gradient in $L^p$ norm},
journal = {Journal of Computational Physics},
volume = {256},
pages = {543-562},
year = {2014},
author = {H. Xie and X. Yin},
}

@article{Alauzet2016,
author={F. Alauzet and A. Loseille},
title={A decade of progress on anisotropic mesh adaptation for computational fluid dynamics},
journal={Computer-Aided Design},
volume={72},
pages={13-39},
year={2016},
}


@inproceedings{Loseille2010,
author={A. Loseille and A. Dervieux and F. Alauzet},
title={A 3{D} goal-oriented anisotropic mesh adaptation applied to inviscid flows in aeronautics},
booktitle={48th {AIAA} aerospace sciences meeting including the new horizons forum and aerospace Exposition, AIAA Paper 2010-1067},
address={Orlando, Florida, US},
year={2010},
}

@inproceedings{Blonigan2016,
author={P.J. Blonigan and Q. Wang and E.J. Nielsen and B. Diskin},
title={Least Squares Shadowing Sensitivity Analysis of Chaotic Flow around a Two-Dimensional Airfoil},
booktitle={54th AIAA Aerospace Sciences Meeting, AIAA SciTech, AIAA Paper 2016-0296},
address={San Diego, California, US},
year={2016},
}

@article{Vecchietti2003,
title = {Modeling of discrete/continuous optimization problems: characterization and formulation of disjunctions and their relaxations},
journal = {Computers and Chemical Engineering},
volume = {27},
number = {3},
pages = {433-448},
year = {2003},
author = {A. Vecchietti and S. Lee and I.E. Grossmann},
}


@article{Remacle2000,
title = {Anisotropic adaptive simulation of transient flows using discontinuous {G}alerkin methods},
journal = {International Journal for Numerical Methods in Engineering},
volume = {00},
number = {},
pages = {1-6},
year = {2000},
author = {J-F. Remacle and X. Li and M.S. Shephard and J.E. Flaherty},
}



@Incollection{Yan2010,
author={D.M. Yan and W. Wang and L. Bruno and Y. Liu},
editor={B. Mourrain and S. Schaefe and G. Xu},
title={Efficient Computation of {3D} Clipped Voronoi Diagram},
booktitle={Advances in {G}eometric {M}odeling and {P}rocessing: 6th {I}nternational {C}onference, {GMP} 2010, {C}astro {U}rdiales, Spain, June 16-18, 2010. Proceedings},
year={2010},
publisher={Springer},
address={Berlin, Heidelberg},
pages={269-282}
}

@Incollection{Baudouin2012,
author={T.C. Baudouin and J.F. Remacle and E. Marchandise and J. Lambrechts},
editor={W.R. Quadros},
title={$L^p$ $L$loyd's Energy Minimization for Quadrilateral Surface Mesh Generation},
booktitle={Proceedings of the 20th International Meshing Roundtable},
year={2012},
publisher={Springer},
address={Berlin, Heidelberg},
pages={473-487},
}

@MISC{Storn1995,
    author = {R. Storn and K. Price},
    title = {Differential Evolution - A simple and efficient adaptive scheme for global optimization over continuous spaces},
    year = {1995}
}

@inproceedings{Lampinen1999,
title = {Mixed integer-discrete-continuous optimization by differential evolution Part 1: the optimization method},
booktitle = {Czech Republic. Brno University of Technology},
pages = {77-81},
year = {1999},
author = {J. Lampinen and I. Zelinka},
}

@inproceedings{YanoDarmofal,
title = {An optimization framework for anisotropic simplex mesh adaptation: {A}pplication to aerodynamic flows},
booktitle = {50th AIAA Aerospace Sciences Meeting Including the New Horizons Forum and Aerospace Exposition, {AIAA} Paper 2012-0079},
year = {2012},
address = {Nashville, Tennessee, US},
author = {M. Yano and D.L. Darmofal},
}

@INPROCEEDINGS{Ceze2016,
    AUTHOR  = {M. Ceze and L.T. Diosady and S.M. Murman},
    TITLE   = {Development of a high-order space-time matrix-free adjoint solver},
    BOOKTITLE = {54st AIAA Aerospace Sciences Meeting, {AIAA} Paper 2016-0833},
    address={San Diego, California, US},
year = {2016},
}

@INPROCEEDINGS{Balan2015,
    AUTHOR  = {A. Balan and M. Woopen and G. May},
    TITLE   = {$hp$-adaptivity on anisotropic meshes for hybridized discontinuous {G}alerkin scheme},
    BOOKTITLE = {22nd AIAA Computational Fluid Dynamics Conference, AIAA Paper 2015-2606},
year = {2015},
}


@article{Balan2016,
title = {Adjoint-based $hp$-adaptivity on anisotropic meshes for high-order compressible flow simulations},
journal = {Computers and Fluids, In press. Corrected proof},
volume = {},
pages = {},
year = {2016},
author = {A. Balan and M. Woopen and G. May},
}

@article{Baudouin2014,
title = {A frontal approach to hex-dominant mesh generation},
journal = {Advanced Modeling and Simulation in Engineering Sciences},
volume = {1},
pages = {1-30},
year = {2014},
author = {T.C. Baudouin and J-F. Remacle and E. Marchandise and F. Henrotte and C. Geuzaine},
}

@article{Shepherd2008,
title={Hexahedral Mesh Generation Constraints},
journal = {Engineering with Computers},
volume ={24},
pages = {195-213},
year = {2008},
author = {J.F. Shepherd and C.R. Johnson}
}

@techreport{Loseille2009b,
  TITLE = {{Continuous Mesh Model and Well-Posed Continuous Interpolation Error Estimation}},
  AUTHOR = {A. Loseille and F. Alauzet},
  TYPE = {Research Report},
  NUMBER = {RR-6846},
  PAGES = {54 p.},
  INSTITUTION = {{INRIA}},
  YEAR = {2009},
  KEYWORDS = {Unstructured mesh ; continuous mesh ; Riemannian metric space ; interpolation error ; linear interpolate},
  PDF = {https://hal.inria.fr/inria-00370235/file/rrcontmesh.pdf},
  HAL_ID = {inria-00370235},
  HAL_VERSION = {v1},
}

@article{Loseille2011a,
title = {Continuous mesh framework Part 1: Well-posed continuous interpolation error},
journal = {SIAM Journal on Numerical Analysis},
volume = {49},
number={1},
pages={38-60},
author={A. Loseille and F. Alauzet},
year={2011}
}

@article{Fidkowski2011,
    author  = {K.J. Fidkowski and D.L. Darmofal},
    title   = {Review of output-based error estimation and mesh adaptation
in computational fluid dynamics},
    year    = {2011},
    journal = {AIAA Journal},
    volume  = {49},
    number  = {4},
    pages   = {673-694}
}

@article{Karagiozis2011,
title = {A computational study of supersonic disk-gap-band parachutes using Large-Eddy Simulation coupled to a structural membrane},
journal = {Journal of Fluids and Structures},
volume = {27},
number={},
pages={175-192},
author={K. Karagiozis and R. Kamakoti and F. Cirak and C. Pantano},
year={2011}
}

@article{Loseille2011b,
title = {Continuous mesh framework Part 2: Validations and applications},
journal = {SIAM Journal on Numerical Analysis},
volume = {49},
number={1},
pages={61-86},
author={A. Loseille and F. Alauzet},
year={2011}
}

@inproceedings{Berry2009,
title={Aerothermal Testing for Project Orion Crew Exploration Vehicle},
booktitle={41st AIAA Thermophysics Conference, AIAA Paper 2009-3842},
address = {San Antonio, Texas, US},
year={2009},
author={S.A. Berry and T.J. Horvath},
}

@inproceedings{Kast2012,
title={Output-adaptive solution strategies for unsteady aerodynamics on deformable domains},
booktitle={Seventh International Conference on Computational Fluid Dynamics (ICCFD7)},
address = {Big Island, Hawaii, US},
year={2012},
author={S.M. Kast and M.A. Ceze and K.J. Fidkowski},
}


@article{Fidkowski2011b,
title = {Output-based space-time mesh adaptation for the compressible {N}avier-{S}tokes equations},
journal = {Journal of Computational Physics},
volume = {230},
number={},
pages={5753-5773},
author={K.J. Fidkowski and Y. Luo},
year={2011}
}

@inproceedings{Fidkowski2016,
title={Output Error Estimation for Chaotic Flows},
booktitle={46th AIAA Fluid Dynamics Conference},
address = {Washington, D.C, US},
year={2016},
author={Y.S. Shimizu and K.J. Fidkowski},
}

@inproceedings{Fidkowski2012,
title={An Output-Based Dynamic Order Refinement Strategy for Unsteady Aerodynamics},
booktitle={50th AIAA Aerospace Sciences Meeting Including the New Horizons Forum and Aerospace Exposition},
address = {Nashville, Tennessee, US},
year={2012},
author={K.J. Fidkowski},
}


@article{Griewank2000,
title = {Revolve: {A}n implementation of check-pointing for the reverse or adjoint mode of computational differentiation},
journal = {ACM Transactions on Mathematical Software},
volume = {26},
pages = {19--45},
year = {2000},
author = {A. Griewank and A. Walther}
}


@inproceedings{Alauzet2011,
title={Extension of Metric-Based Anisotropic Mesh Adaptation to Time-Dependent Problems Involving Moving Geometries},
booktitle={49th AIAA Aerospace Sciences Meeting, AIAA Paper 2011-0896},
address = {Orlando, Florida, US},
year={2011},
author={F. Alauzet and G. Olivier},
}

@inproceedings{Alter2015,
title={Time-Accurate Unsteady Pressure Loads Simulated for the Space Launch System at Wind Tunnel Conditions},
booktitle={33th AIAA Applied Aerodynamics Conference, AIAA Paper 2015-3149},
address = {Dallas, Texas, US},
year={2015},
author={S.J. Alter and G.J. Brakeman and B. Kleb and C.E. Glass and C.L. Street and D.M. Schuster},
}

@article{Alauzet2007,
title={{3D} Transient Fixed Point Mesh Adaptation for Time-dependent Problems: Application to {CFD} Simulations},
author={F. Alauzet and P. Frey and P.L. George and B. Mohammadi},
journal={Journal of Computational Physics},
volume={222},
number={2},
year={2007},
pages={592-623},
}

@article{Patra2001,
title={A systematic strategy for simultaneous adaptive $hp$ finite element mesh modification using nonlinear programming},
author={A. Patra and A. Gupta},
journal={Computer Methods in Applied Mechanics and Engineering},
volume={190},
number={},
year={2001},
pages={3797-3818},
}


@article{Alauzet2003,
title={Transient fixed point-based unstructured mesh adaptation},
author={F. Alauzet and P.L. George and B. Mohammadi and P. Frey and H. Borouchaki},
journal={International Journal for Numerical Methods in Fluids},
volume={43},
number={},
year={2003},
pages={729-745},
}

@inproceedings{Barral2015,
title={Metric-Based Anisotropic Mesh Adaptation for Three-Dimensional Time-Dependent Problems Involving Moving Geometries},
booktitle={53rd AIAA Aerospace Sciences Meeting, AIAA Paper 2015-2039},
address={Kissimi, Florida, US},
year={2015},
author={N. Barral and F. Alauzet and A. Loseille}
}

@techreport{NASAstudy,
  author =        {J. Slotnick and A. Khodadoust and A. Alonso and D.L. Darmofal and W. Gropp and E. Lurie and D.J. Mavriplis},
  title =         {{CFD} {V}ision 2030 {S}tudy: A {P}ath to {R}evolutionary {C}omputational {A}erosciences},
  number =        {CR-2014-218178},
  institution =   {NASA},
  year  =         {2014},
}

@unpublished{Ceze2017,
title={Robust Quad-dominant Meshing with Alignment Using $L_p$-{CVT}},
note={Submitted for Scitech, Grapevine, Texas, US, 2017},
author={M. Ceze and S.M. Murman}
}

@article{Ekelschot2016,
author = {D. Ekelschot and D. Moxey and S.J. Sherwin and J. Peir\'{o}},
title = {A $p$-adaptation method for compressible flow problems using a goal-based error indicator},
journal = {Computers and Structures, In press. Corrected proof},
year = {2016},
} 

@Incollection{Loseille2009,
author={A. Loseille and F. Alauzet},
editor={B.W. Clark},
title={Optimal {3D} Highly Anisotropic Mesh Adaptation Based on the Continuous Mesh Framework},
booktitle={Proceedings of the 18th International Meshing Roundtable},
year={2009},
publisher={Springer Berlin Heidelberg},
address={Berlin, Heidelberg},
pages={575-594},
}

@article{Yano2012,
title = {An optimization-based framework for anisotropic simplex mesh adaptation},
journal = {Journal of Computational Physics},
volume = {231},
number = {22},
pages = {7626 - 7649},
year = {2012},
author = {M. Yano and D. L. Darmofal},
}

@article{Levy2010,
title={$L_p$ Centroidal Voronoi Tessellation and Its Applications},
author={B. L\'{e}vy and L. Yang},
journal={ACM Transactions on Graphics},
year={2010},
volume={9},
number={4},
pages={1-11},
}

@article{Gand2015,
title={Experimental study of the corner flow separation on a simplified junction},
author={F. Gand and J.-C. Monnier and J.-M. Deluc and A. Choffat},
journal={AIAA Journal},
year={2015},
volume={53},
number={10},
pages={2869-2877},
}


@inproceedings{Illi2013,
title={Transonic Tail Buffet Simulations for the Common Research Model},
booktitle={31th AIAA Applied Aerodynamics Conference, AIAA Paper 2013-2510},
author={S. Illi and C. Fingskes and T. Lutz and E. Kr\"{a}mer},
year={2013},
address={San Diego, California, US}
}

@inproceedings{Rumsey2016,
title={The {NASA} Juncture Flow Experiment: Goals, Progress, and Preliminary Testing (Invited)},
booktitle={54th AIAA Aerospace Sciences Meeting, AIAA Paper 2016-1557},
author={C. Rumsey and D.H. Newhart and M.A. Kegerise},
year={2016},
address={San Diego, California, US}
}

@inproceedings{Diosady2013,
title={Design of a Variational Multiscale Method for Turbulent Compressible Flows},
booktitle={21st AIAA Computational Fluid Dynamics Conference, AIAA Paper 2013-2870},
author={L.T. Diosady and S.M. Murman},
year={2013},
address={San Diego, California, US}
}

@inproceedings{Diosady2015,
title={Higher-Order Methods for Compressible Turbulent Flows Using Entropy Variables,},
booktitle={21st AIAA Computational Fluid Dynamics Conference, AIAA Paper 2015-0294},
author={L.T. Diosady and S.M. Murman},
year={2015},
address={San Diego, California, US}
}

@techreport{Murman16b,
  author = {S.M. Murman and L.T. Diosady and A. Garai and M. Ceze},
  number = {2016-1059},
  title = {{A space-time Discontinuous-Galerkin approach for separated flows}},
  type = {AIAA Paper},
  year = {2016},
}

@article{Giles1997,
    author  = {M.B. Giles and N.A. Pierce},
    title   = {Adjoint equations in {CFD}: {D}uality, boundary conditions and solution behaviour},
    year    = {1997},
    journal = {AIAA Paper 97-1950},
    volume  = {},
    pages   = {},
}

@article{Jameson1988,
    author  = {A. Jameson},
    title   = {Aerodynamic design via control theory},
    year    = {1988},
    journal = {Journal of Scientific Computing},
    volume  = {3},
    number = {},
    pages   = {233-260}
}

@inproceedings{Garai2015,
title={{DNS} of flow in a low-pressure turbine cascade using a discontinuous-{G}alerkin spectral-element method},
author={A. Garai and L. Diosady and S.M. Murman and N. Madavan},
booktitle={Proceedings of ASME Turbo Expo 2015, no. GT2015-42773},
address={Montreal, Canada},
year={2015}
}

@inproceedings{Garai2016,
title={{DNS} of flow in a low-pressure turbine cascade with elevated inflow turbulence using a discontinuous-galerkin spectral- element method},
author={A. Garai and L. Diosady and S.M. Murman and N. Madavan},
booktitle={Proceedings of ASME Turbo Expo 2016, no. GT2016-56700},
address={Seoul, Korea},
year={2016}
}

@article{Wang2015,
    author = {Z.J. Wang and K. Fidkowski and R. Abgrall and F. Bassi and D. Caraeni and A. Cary and H. Deconinck and R. Hartmann and K. Hillewaert and H.T. Huynh and N. Kroll and G. May and P.O. Persson and B. van Leer and M. Visbal},
    title = {High-Order {CFD} methods: current status and perspective},
    Journal = {International Journal for Numerical Methods in Fluids},
    Pages = {1-42},
    Volume = {72},
    year = {2015}
}

@Article{Hartmann2002a,
  author = 	 { R. Hartmann and P. Houston},
  title = 	 {Adaptive discontinuous {G}alerkin finite element methods
                  for nonlinear hyperbolic conservation laws},
  journal = 	 {SIAM Journal on Scientific Computing},
  year = 	 {2002},
  volume =	 {24},
  pages =	 {979-1004}
}

@Article{Hartmann2002b,
  author = 	 {R. Hartmann and P. Houston },
  title = 	 {Adaptive discontinuous {G}alerkin finite element methods
                  for the compressible {E}uler equations},
  journal = 	 {Journal of Computational Physics},
  year = 	 2002,
  volume =	 183,
  number =       2,
  pages =	 {508-532}
}

@article{Wang2009,
	Author = {L. Wang and D.J. Mavriplis},
	Journal = {Journal of Computational Physics},
	Pages = {7643-7661},
	Title = {Adjoint-based $hp$ adaptive discontinuous {G}alerkin methods for the 2{D} compressible {E}uler equations},
	Volume = {228},
	Year = {2009},
}

@article{Leicht2010,
  author = 	 {T. Leicht and R. Hartmann},
  title = 	 {Error estimation and anisotropic mesh refinement for 3{D} laminar aerodynamic flow simulations},
  journal = {Journal of Computational Physics},
  year = 	 2010,
  volume =	 229,
  number =	 19,
  pages =	 {7344-7360},
}

@article{Vendetti2000,
    author  = {D.A. Venditti and D.L. Darmofal},
    title   = {Adjoint Error Estimation and Grid Adaptation
for Functional Outputs: Application to
Quasi-One-Dimensional Flow},
    year    = {2000},
    journal = {Journal of Computational Physics},
    volume  = {164},
    number  = {1},
    pages   = {204-227}
}

@Incollection{Leicht2011a,
  author = 	 {T. Leicht and R. Hartmann},
  title = 	 {Error Estimation and $hp$-Adaptive Mesh Refinement for Discontinuous {G}alerkin Methods},
  booktitle = 	 {Adaptive High-Order Methods in Computational Fluid Dynamics},
  pages = 	 {67-94},
  publisher =    {World Science Books},
  year = 	 2011,
  editor = 	 {Z.J. Wang},
  volume = 	 {2},
  chapter = 	 {3},
  series = 	 {Advances in Computational Fluid Dynamics},
}

@Article{Hartmann2005,
  author = 	 {R. Hartmann},
  title = 	 {Adaptive discontinuous {G}alerkin methods with shock-capturing for the compressible {N}avier-{S}tokes equations},
  journal = 	 {International Journal for Numerical Methods in Fluids},
  year = 	 {2005},
  volume =	 {51},
  number =    {},
  pages =	 {1131-1156}
}

@article{Becker1996,
    author  = {R. Becker and R. Rannacher},
    title   = {A feed-back approach to error control in finite element methods: Basic analysis and examples},
    year    = {1996},
    journal = {East-West Journal of Numerical Mathematics},
    volume  = {4},
    pages   = {237-264}
}

@article{Becker2001,
    author  = {R. Becker and R. Rannacher},
    title   = {An optimal control approach to a posteriori error estimation in finite element methods},
    year    = {2001},
    journal = {Acta Numerica},
    volume  = {10},
    pages   = {1-102}
}

@article{Castro1997,
    author  = {M.J. Castro-D\'{i}az and F. Hecht and B. Mohammadi and O. Pironneau},
    title   = {Anisotropic unstructured mesh adaption for flow simulations},
    year    = {2001},
    journal = {International Journal for Numerical Methods in Fluids},
    volume  = {25},
    pages   = {475-491}
}

@InCollection{Hartmann2001,
  author = 	 {R. Hartmann},
  title = 	 {Hyperbolic Problems: theory, numerics, applications},
  booktitle = {Adaptive High-Order Methods in Computational Fluid Dynamics},
  pages = 	 {67-94},
  year = 	{2001},
  publisher = {World Scientific Publishing Company},
  volume = {141},
  series = 	 {International {S}eries of {N}umerical {M}athematics}
}


@Article{Peraire1987,
  author = 	 {J. Peraire and M. Vahdati and K. Morgan and O.C. Zienkiewicz},
  title = 	 {Adaptive remeshing for compressible flow computations},
  journal = 	 {Journal of Computational Physics},
  year = 	 {1987},
  volume =	 {72},
  number =    {},
  pages =	 {449-466}
}

@Article{Peraire1992,
  author = 	 {J. Peraire and J. Peir\'{o} and K. Morgan},
  title = 	 {Adaptive remeshing for three-dimensional compressible flow computations},
  journal = 	 {Journal of Computational Physics},
  year = 	 {1992},
  volume =	 {103},
  number =    {},
  pages =	 {269-285}
}

@article{mavriplis1990,
title = {Adaptive mesh generation for viscous flows using triangulation},
journal = {Journal of Computational Physics},
volume = {90},
number = {2},
pages = {271 - 291},
year = {1990},
author = {D.J. Mavriplis},
}

@article{George1991,
title = {Creation of internal points in Voronoi's type method. Control adaptation},
journal = {Advances in Engineering Software and Workstations},
volume = {13},
number = {5},
pages = {303 - 312},
year = {1991},
author = {P.L. George and F. Hecht and M.G. Vallet},
}

@inproceedings{Persson2006,
    author  = {P.O. Persson and J. Peraire},
    title   = {Sub-cell shock capturing for discontinuous Galerkin method},
    booktitle = {44th AIAA Aerospace Sciences Meeting and Exhibit, AIAA Paper 2006-112},
    address={Reno, Nevada, US},
year = {2006},
}

@article{Wang2009b,
title = {Minimal repetition dynamic checkpointing algorithm for unsteady adjoint calculation},
author = {Q. Wang and G. Laccarino},
journal = {SIAM: SIAM Journal on Scientific Computing},
volume = {31},
number = {4},
year = {2009},
pages = {2549-2567}
}

@phdthesis{PhDEkelschot2016,
author={D. Ekelschot},
title={Mesh adaptation strategies for compressible flows using a high-order spectral/hp element discretisation},
school={Imperial College London},
year={2016},
}

@article{Dolejsi2014,
title = {Anisotropic $hp$-adaptive method based on interpolation error estimates in the -norm },
author = {V. Dolej\v{s}\'{i}},
journal = {Applied Numerical Mathematics},
volume = {82},
number = {},
year = {2014},
pages = {80-114}
}

@article{Moxey2015,
title = {High-order curvilinear meshing using a thermo-elastic analogy},
journal = {Computer-Aided Design},
volume = {72},
number = {},
pages = {130-139},
year = {2016},
author = {D. Moxey and D. Ekelschot  and \"{U}. Keskin  and S. J. Sherwin and J. Peir\'{o}},
}


@article{Cantwell2015,
  title        = {Nektar++: An open-source spectral/hp element framework},
  author       = {C. D. Cantwell and D. Moxey and A. Comerford and A. Bolis and
                  G. Rocco and G. Mengaldo and D. de Grazia and S. Yakovlev and
                  J.-E. Lombard and D. Ekelschot and B. Jordi and H. Xu and
                  Y. Mohamied and C. Eskilsson and B. Nelson and P. Vos and
                  C. Biotto and R. M. Kirby and S. J. Sherwin},
  journal      = {Computer Physics Communications},
  volume       = 192,
  pages        = {205--219},
  year         = {2015}
}

@unpublished{Bump,
title  = {Turbulence modeling resource},
  author       = {C. Rumsey},
  note    = {http://turbmodels.larc.nasa.gov (data posted online)},
  
}


@article{WangMavriplis2009,
	Author = {L. Wang and D.J. Mavriplis},
	Journal = {Journal of Computational Physics},
	Pages = {7643-7661},
	Title = {Adjoint-based $hp$ adaptive discontinuous {G}alerkin methods for the 2{D} compressible {E}uler equations},
	Volume = {228},
	Year = {2009},
}

